@misc{geopandas2023,
  author       = {GeoPandas Developers},
  title        = {GeoPandas: Python tools for geographic data},
  year         = {2023},
  howpublished = {\url{https://geopandas.org/}},
  note         = {Ãšltimo acceso: 20 de diciembre de 2024}
}

@misc{shapely2023,
  author       = {Shapely Developers},
  title        = {Shapely: Manipulation and analysis of geometric objects},
  year         = {2023},
  howpublished = {\url{https://shapely.readthedocs.io/en/stable/manual.html#linestring}}
}

@misc{ODS,
  year = {2024},
  title = {Objetivos de desarrollo sostenible},
  howpublished = {\url{https://www.un.org/sustainabledevelopment/es/objetivos-de-desarrollo-sostenible/}}
}

@misc{trayectorias_taxis,
  author = {Kaggle Contributor},
  title = {Trayectorias Taxis},
  howpublished = {\url{https://www.kaggle.com/code/rubendreamteam/trayectoria-taxis}}
}

@misc{geolife_trajectories,
  author = {Kaggle Contributor},
  title = {Geolife Trajectories 1.3},
  howpublished = {\url{https://www.kaggle.com/datasets/marquis03/geolife-trajectories-1-3}}
}

@misc{movebank,
  author = {Movebank Team},
  title = {Movebank: Animal Tracking Data},
  year = {2024},
  howpublished = {\url{https://www.movebank.org/cms/movebank-main}}
}

@misc{citybike,
  author = {{Citi Bike NYC}},
  title = {System Data | Citi Bike NYC},
  howpublished = {\url{https://citibikenyc.com/system-data}},
}

@misc{foursquare,
  author = {Dingqi Yang},
  title = {Foursquare Dataset},
  howpublished = {\url{https://sites.google.com/site/yangdingqi/home/foursquare-dataset}}
}