@misc{lee2007trajectory,
  title = {Trajectory Clustering: A Partition-and-Group Framework},
  author = {Lee, Jae-Gil and Han, Jiawei and Whang, Kyu-Young},
  year = {2007},
  howpublished = {\url{https://hanj.cs.illinois.edu/pdf/sigmod07_jglee.pdf}}
}

@misc{traclus_library,
  author = {Adriel Amoguis},
  title = {TRA-CLUS Library},
  year = {2023},
  howpublished = {\url{https://github.com/AdrielAmoguis/TRACLUS}}
}

@misc{gtraclus,
  title={GTRACLUS: trajectory clustering approach for highly sparse spatio-temporal data},
  author={Yousefpour, Mostafa and Ghaffari, Ali and Jabbari, Ali},
  journal={Distributed and Parallel Databases},
  year={2023},
  volume={41},
  pages={533--556},
  doi={10.1007/s10619-023-07429-x},
  howpublished={\url{https://link.springer.com/article/10.1007/s10619-023-07429-x}}
}

@misc{st-traclus,
  title={A trajectory clustering algorithm for spatio-temporal analysis},
  author={Chen, Hao and Yu, Jing and Li, Yanhong and Yang, Xiaofeng},
  journal={Journal of Systems Engineering and Electronics},
  volume={33},
  number={3},
  pages={653--662},
  year={2022},
  doi={10.1016/j.jsee.2022.2503},
  howpublished={\url{https://www.sciencedirect.com/science/article/pii/S1000936122002503}}
}

@misc{nd-traclus,
  title={ND-TRACLUS: a density-based trajectory clustering algorithm},
  author={Nanni, Mirco and Ronzoni, Federico},
  journal={ISPRS International Journal of Geo-Information},
  volume={7},
  number={1},
  pages={25},
  year={2018},
  doi={10.3390/ijgi7010025},
  howpublished={\url{https://www.mdpi.com/2220-9964/7/1/25}}
}

@misc{nb-traclus,
  author = {Yunxin Tao, Dechang Pi},
  title = {Neighborhood-Based Trajectory Clustering Algorithm},
  year = {2008},
  howpublished = {\url{https://ieeexplore.ieee.org/abstract/document/4634858}}
}

@misc{atcgd,
  title={Adaptive Trajectory Clustering Based on Grid and Density},
  author={Wang, Hongzhi and Song, Weizhi and Cao, Jinjun and Wang, Haitao},
  journal={Sensors},
  volume={17},
  number={9},
  pages={2013},
  year={2017},
  doi={10.3390/s17092013},
  howpublished={\url{https://www.mdpi.com/1424-8220/17/9/2013}}
}

@misc{sklearn_cluster,
  author = {{Scikit-learn}},
  title = {sklearn.cluster},
  year = {2024},
  howpublished = {\url{https://scikit-learn.org/1.5/api/sklearn.cluster.html}}
}

@misc{dash,
  author = {Plotly Technologies Inc.},
  title = {Dash Documentation},
  year = {2024},
  howpublished = {\url{https://dash.plotly.com}}
}

@misc{altdsi,
  author = {Andrew L. Tan Data Science Institute},
  title = {Andrew L. Tan Data Science Institute},
  year = {2024},
  howpublished = {\url{https://altdsi.dlsu.edu.ph}}
}